<record><leader>00000cas a2200000 a 4500</leader><controlfield tag="001">10581468</controlfield><controlfield tag="008">840331d18421845ohuwr ne      0    0eng c</controlfield><datafield ind1=" " ind2=" " tag="010"><subfield code="a">sn 84028173 </subfield></datafield><datafield ind1=" " ind2=" " tag="040"><subfield code="a">NPY</subfield><subfield code="b">eng</subfield><subfield code="c">NPY</subfield><subfield code="d">DLC</subfield><subfield code="d">ONP</subfield><subfield code="d">NVK</subfield><subfield code="d">OCL</subfield><subfield code="d">DLC</subfield><subfield code="d">CRL</subfield><subfield code="d">DLC</subfield><subfield code="d">OCLCQ</subfield><subfield code="d">OCLCF</subfield></datafield><datafield ind1="1" ind2=" " tag="029"><subfield code="a">AU@</subfield><subfield code="b">000020121168</subfield></datafield><datafield ind1=" " ind2=" " tag="042"><subfield code="a">pcc</subfield></datafield><datafield ind1=" " ind2=" " tag="043"><subfield code="a">n-us-oh</subfield></datafield><datafield ind1="0" ind2="0" tag="050"><subfield code="a">Newspaper</subfield></datafield><datafield ind1="0" ind2=" " tag="130"><subfield code="a">Telegraph (Painesville, Ohio : 1842)</subfield></datafield><datafield ind1="1" ind2="4" tag="245"><subfield code="a">The Telegraph.</subfield></datafield><datafield ind1=" " ind2=" " tag="260"><subfield code="a">Painesville, Ohio :</subfield><subfield code="b">C.B. Smythe &amp; J. Hanna,</subfield><subfield code="c">1842-1845.</subfield></datafield><datafield ind1=" " ind2=" " tag="300"><subfield code="a">v.</subfield></datafield><datafield ind1=" " ind2=" " tag="310"><subfield code="a">Weekly</subfield></datafield><datafield ind1="0" ind2=" " tag="362"><subfield code="a">Vol. 8, no. 47 (Nov. 23, 1842)-v. 11, no. 42 (Oct. 15, 1845).</subfield></datafield><datafield ind1=" " ind2=" " tag="530"><subfield code="a">Available on microfilm from Bell &amp; Howell, and the Library of Congress, Photoduplication Service.</subfield></datafield><datafield ind1=" " ind2="0" tag="651"><subfield code="a">Painesville (Ohio)</subfield><subfield code="v">Newspapers.</subfield></datafield><datafield ind1=" " ind2="0" tag="651"><subfield code="a">Lake County (Ohio)</subfield><subfield code="v">Newspapers.</subfield></datafield><datafield ind1=" " ind2="7" tag="655"><subfield code="a">Newspapers.</subfield><subfield code="2">fast</subfield><subfield code="0">(OCoLC)fst01423814</subfield></datafield><datafield ind1=" " ind2="7" tag="651"><subfield code="a">Ohio</subfield><subfield code="z">Lake County.</subfield><subfield code="2">fast</subfield><subfield code="0">(OCoLC)fst01205662</subfield></datafield><datafield ind1=" " ind2="7" tag="651"><subfield code="a">Ohio</subfield><subfield code="z">Painesville.</subfield><subfield code="2">fast</subfield><subfield code="0">(OCoLC)fst01238531</subfield></datafield><datafield ind1=" " ind2=" " tag="752"><subfield code="a">United States</subfield><subfield code="b">Ohio</subfield><subfield code="c">Lake</subfield><subfield code="d">Painesville.</subfield></datafield><datafield ind1="0" ind2="0" tag="780"><subfield code="t">Painesville telegraph (Painesville, Ohio : 1839)</subfield><subfield code="w">(DLC)sn 84028172</subfield><subfield code="w">(OCoLC)10581464</subfield></datafield><datafield ind1="0" ind2="0" tag="785"><subfield code="t">Painesville telegraph (Painesville, Ohio : 1845)</subfield><subfield code="w">(DLC)sn 84028174</subfield><subfield code="w">(OCoLC)10581493</subfield></datafield></record>